@misc{sprintPlanning,
  author = "Scrum",
  title = "What is Sprint Planning?",
  url = "https://www.scrum.org/resources/what-is-sprint-planning"
}

@misc{ukHouseholdBudget,
  author = "NimbleFins",
  title = "Average UK Household Budget",
  url = "https://www.nimblefins.co.uk/average-uk-household-budget"
}

@misc{tinyDBTuto,
  author = "Brandan Jones",
  title = "Saving into TinyDB, retrieve and show items in a ListView",
  url = "https://www.youtube.com/watch?v=opqVmpDv6LQ"
}

@misc{appInventorDocs,
  author = "Massachusetts Institute of Technology",
  title = "The MIT App Inventor Library: Documentation and Support",
  url = "http://appinventor.mit.edu/explore/library.html"
}

@misc{pencil
  author = "Pencil Project",
  title = "Home - Pencil Project",
  url = "https://pencil.evolus.vn/"
}
